% Overshoot
@ARTICLE{korre_etal_2019,
       author = {{Korre}, L. and {Garaud}, P. and {Brummell}, N.~H.},
        title = "{Convective overshooting and penetration in a Boussinesq spherical shell}",
      journal = {\mnras},
     keywords = {convection, Sun: interior, stars: interiors, Astrophysics - Solar and Stellar Astrophysics, Physics - Fluid Dynamics},
         year = 2019,
        month = mar,
       volume = {484},
       number = {1},
        pages = {1220-1237},
          doi = {10.1093/mnras/stz047},
archivePrefix = {arXiv},
       eprint = {1810.06700},
 primaryClass = {astro-ph.SR},
       adsurl = {https://ui.adsabs.harvard.edu/abs/2019MNRAS.484.1220K},
      adsnote = {Provided by the SAO/NASA Astrophysics Data System}
}

@ARTICLE{herwig_2000,
       author = {{Herwig}, F.},
        title = "{The evolution of AGB stars with convective overshoot}",
      journal = {\aap},
     keywords = {STARS: ABUNDANCES, STARS: INTERIORS, STARS: EVOLUTION, STARS: AGB AND POST-AGB, Astrophysics},
         year = 2000,
        month = aug,
       volume = {360},
        pages = {952-968},
archivePrefix = {arXiv},
       eprint = {astro-ph/0007139},
 primaryClass = {astro-ph},
       adsurl = {https://ui.adsabs.harvard.edu/abs/2000A&A...360..952H},
      adsnote = {Provided by the SAO/NASA Astrophysics Data System}
}

% Entrainment
@ARTICLE{staritsin_2013,
       author = {{Staritsin}, E.~I.},
        title = "{Turbulent entrainment at the boundaries of the convective cores of main-sequence stars}",
      journal = {Astronomy Reports},
         year = 2013,
        month = may,
       volume = {57},
       number = {5},
        pages = {380-390},
          doi = {10.1134/S1063772913050089},
       adsurl = {https://ui.adsabs.harvard.edu/abs/2013ARep...57..380S},
      adsnote = {Provided by the SAO/NASA Astrophysics Data System}
}

@ARTICLE{scott_etal_2021,
       author = {{Scott}, L.~J.~A. and {Hirschi}, R. and {Georgy}, C. and {Arnett}, W.~D. and {Meakin}, C. and {Kaiser}, E.~A. and {Ekstr{\"o}m}, S. and {Yusof}, N.},
        title = "{Convective core entrainment in 1D main-sequence stellar models}",
      journal = {\mnras},
     keywords = {convection, turbulence, stars: evolution, stars: Hertzsprung-Russell and colour-magnitude diagrams, stars: interiors, Astrophysics - Solar and Stellar Astrophysics},
         year = 2021,
        month = may,
       volume = {503},
       number = {3},
        pages = {4208-4220},
          doi = {10.1093/mnras/stab752},
archivePrefix = {arXiv},
       eprint = {2103.06196},
 primaryClass = {astro-ph.SR},
       adsurl = {https://ui.adsabs.harvard.edu/abs/2021MNRAS.503.4208S},
      adsnote = {Provided by the SAO/NASA Astrophysics Data System}
}


@ARTICLE{fuentes_cumming_2020,
       author = {{Fuentes}, J.~R. and {Cumming}, A.},
        title = "{Penetration of a cooling convective layer into a stably-stratified composition gradient: Entrainment at low Prandtl number}",
      journal = {Physical Review Fluids},
     keywords = {Astrophysics - Solar and Stellar Astrophysics, Astrophysics - Earth and Planetary Astrophysics, Physics - Fluid Dynamics},
         year = 2020,
        month = dec,
       volume = {5},
       number = {12},
          eid = {124501},
        pages = {124501},
          doi = {10.1103/PhysRevFluids.5.124501},
archivePrefix = {arXiv},
       eprint = {2007.04265},
 primaryClass = {astro-ph.SR},
       adsurl = {https://ui.adsabs.harvard.edu/abs/2020PhRvF...5l4501F},
      adsnote = {Provided by the SAO/NASA Astrophysics Data System}
}

@ARTICLE{meakin_arnett_2007,
       author = {{Meakin}, Casey A. and {Arnett}, David},
        title = "{Turbulent Convection in Stellar Interiors. I. Hydrodynamic Simulation}",
      journal = {\apj},
     keywords = {Hydrodynamics, Instabilities, Nuclear Reactions, Nucleosynthesis, Abundances, Stars: Evolution, Stars: General, Stars: Interiors, Stars: Supernovae: General, Turbulence, Waves, Astrophysics},
         year = 2007,
        month = sep,
       volume = {667},
       number = {1},
        pages = {448-475},
          doi = {10.1086/520318},
archivePrefix = {arXiv},
       eprint = {astro-ph/0611315},
 primaryClass = {astro-ph},
       adsurl = {https://ui.adsabs.harvard.edu/abs/2007ApJ...667..448M},
      adsnote = {Provided by the SAO/NASA Astrophysics Data System}
}

%Penetration
@ARTICLE{zahn1991,
       author = {{Zahn}, J. -P.},
        title = "{Convective penetration in stellar interiors.}",
      journal = {\aap},
     keywords = {Convection, Solar Interior, Stellar Interiors, Stellar Structure, Computational Astrophysics, Stellar Evolution, Stellar Physics, Astrophysics},
         year = 1991,
        month = dec,
       volume = {252},
        pages = {179-188},
       adsurl = {https://ui.adsabs.harvard.edu/abs/1991A&A...252..179Z},
      adsnote = {Provided by the SAO/NASA Astrophysics Data System}
}

@ARTICLE{roxburgh1978,
       author = {{Roxburgh}, I.~W.},
        title = "{Convection and stellar structure.}",
      journal = {\aap},
     keywords = {Convective Flow, Stellar Models, Stellar Structure, Energy Dissipation, Error Analysis, Kinetic Energy, Main Sequence Stars, Stellar Evolution, Stellar Luminosity, Turbulent Mixing, Astrophysics, Convection:Stellar Structure},
         year = 1978,
        month = apr,
       volume = {65},
       number = {2},
        pages = {281-285},
       adsurl = {https://ui.adsabs.harvard.edu/abs/1978A&A....65..281R},
      adsnote = {Provided by the SAO/NASA Astrophysics Data System}
}

@ARTICLE{roxburgh1989,
       author = {{Roxburgh}, I.~W.},
        title = "{Integral constraints on convective overshooting}",
      journal = {\aap},
     keywords = {Convection, Stellar Evolution, Stellar Models, Dissipation, Fluid Dynamics, Mixing Length Flow Theory, Nonadiabatic Conditions, Stellar Structure, Astrophysics},
         year = 1989,
        month = mar,
       volume = {211},
       number = {2},
        pages = {361-364},
       adsurl = {https://ui.adsabs.harvard.edu/abs/1989A&A...211..361R},
      adsnote = {Provided by the SAO/NASA Astrophysics Data System}
}

@ARTICLE{anders_etal_2021,
       author = {{Anders}, Evan H. and {Jermyn}, Adam S. and {Lecoanet}, Daniel and {Brown}, Benjamin P.},
        title = "{Stellar convective penetration: parameterized theory and dynamical simulations}",
      journal = {arXiv e-prints},
     keywords = {Astrophysics - Solar and Stellar Astrophysics, Physics - Fluid Dynamics},
         year = 2021,
        month = oct,
          eid = {arXiv:2110.11356},
        pages = {arXiv:2110.11356},
archivePrefix = {arXiv},
       eprint = {2110.11356},
 primaryClass = {astro-ph.SR},
       adsurl = {https://ui.adsabs.harvard.edu/abs/2021arXiv211011356A},
      adsnote = {Provided by the SAO/NASA Astrophysics Data System}
}
